@unpublished{sebag12,
	author = "Michele Sebag",
	title = "Monte-Carlo Tree Search",
	year = 2012,
    url = "https://www.lri.fr/~sebag/Slides/InvitedTutorial_CP12.pdf",
	pages = 106,
	institution = "CNRS, INRIA, Universite Paris Sud"
}
@article{gianazza10,
	author = "David Gianazza",
	title = "Forecasting workload and airspace configuration with neural
		networks and tree search methods",
    url = "https://core.ac.uk/download/pdf/50533788.pdf",
	pages = 45
}
@manual{eurocontrol05,
  title = "Improved configuration optimiser ICO methodology to use a decision
    support tool",
  organization = "Eurocontrol",
  year = "2005",
  month = "June",
}
